@article{poley2000latex,
  title={Latex allergy},
  author={Poley Jr, Gerald E and Slater, Jay E},
  journal={Journal of allergy and clinical immunology},
  volume={105},
  number={6},
  pages={1054--1062},
  year={2000},
  publisher={Elsevier}
}

@article{example2023,
  author = {Author Name},
  title = {Title of the Article},
  journal = {Journal Name},
  year = {2023},
  volume = {10},
  number = {2},
  pages = {123-456},
  doi = {10.1234/example.doi}
}

@book{knuth1997art,
  title={The art of computer programming},
  author={Knuth, Donald Ervin},
  volume={3},
  year={1997},
  publisher={Pearson Education}
}